@book{atkinson2007optimum,
  title={Optimum experimental designs, with SAS},
  author={Atkinson, Anthony and Donev, Alexander and Tobias, Randall},
  volume={34},
  year={2007},
  publisher={OUP Oxford}
}

@book{russell2018design,
  title={Design of experiments for generalized linear models},
  author={Russell, Kenneth G},
  year={2018},
  publisher={Chapman and Hall/CRC}
}