@article{hendersonEstimationEnvironmentalGenetic1959,
  title = {The {{Estimation}} of {{Environmental}} and {{Genetic Trends}} from {{Records Subject}} to {{Culling}}},
  author = {Henderson, Charles Roy and Kempthorne, Oscar and Searle, Shayle Roy and Krosigk, C. M.},
  date = {1959},
  journaltitle = {Biometrics},
  volume = {15},
  number = {2},
  pages = {192--218}
}

@article{gilmourAverageInformationREML1995,
  title = {Average {{Information REML}}: {{An Efficient Algorithm}} for {{Variance Parameter Estimation}} in {{Linear Mixed Models}}},
  author = {Gilmour, Arthur R and Thompson, Robin and Cullis, Brian R},
  date = {1995},
  journaltitle = {Biometrics},
  volume = {51},
  number = {4},
  pages = {1440--1450},
  doi = {10.2307/2533274}
}

@article{johnsonRestrictedMaximumLikelihood1995,
  title = {Restricted {{Maximum Likelihood Estimation}} of {{Variance Components}} for {{Univariate Animal Models Using Sparse Matrix Techniques}} and {{Average Information}}},
  author = {Johnson, D L and Thompson, Robin},
  date = {1995-02},
  journaltitle = {Journal of Dairy Science},
  shortjournal = {Journal of Dairy Science},
  volume = {78},
  number = {2},
  pages = {449--456},
  issn = {00220302},
  doi = {10.3168/jds.S0022-0302(95)76654-1},
  url = {http://www.journalofdairyscience.org/article/S0022030295766541/fulltext},
  langid = {english}
}


@thesis{smithMultiplicativeMixedModels1999,
  type = {phdthesis},
  title = {Multiplicative Mixed Models for the Analysis of Multi-Environment Trial Data},
  author = {Smith, Alison B},
  date = {1999},
  institution = {The University of Adelaide},
  location = {Department of Statistics},
  langid = {english}
}

@article{verbylaConditionalDerivationResidual1990,
  title = {A Conditional Derivation of Residual Maximum Likelihood},
  author = {Verbyla, ArÅ«nas P},
  date = {1990-06},
  journaltitle = {Australian \& New Zealand Journal of Statistics},
  volume = {32},
  pages = {227--230},
  issn = {0004-9581},
  doi = {10.1111/j.1467-842X.1990.tb01015.x},
  url = {https://onlinelibrary.wiley.com/doi/10.1111/j.1467-842X.1990.tb01015.x},
  issue = {July 1989},
  langid = {english}
}


@article{pattersonRecoveryInterblockInformation1971,
  title = {Recovery of Inter-Block Information When Block Sizes Are Unequal},
  author = {Patterson, H. Desmond and Thompson, Robin},
  date = {1971},
  journaltitle = {Biometrika},
  shortjournal = {Biometrika},
  volume = {58},
  number = {3},
  pages = {545--554},
  issn = {0006-3444, 1464-3510},
  doi = {10.1093/biomet/58.3.545},
  url = {https://academic.oup.com/biomet/article-lookup/doi/10.1093/biomet/58.3.545},
  langid = {english}
}


@article{williamsConstructionCrossoverDesigns2007,
  title = {Construction of Crossover Designs with Correlated Errors},
  author = {Williams, E.R. and John, J.A.},
  date = {2007-03},
  journaltitle = {Australian \& New Zealand Journal of Statistics},
  volume = {49},
  number = {1},
  pages = {61--68},
  issn = {13691473},
  doi = {10.1111/j.1467-842X.2006.00463.x},
  url = {https://onlinelibrary.wiley.com/doi/10.1111/j.1467-842X.2006.00463.x},
  urldate = {2022-12-22},
  langid = {english}
}

@article{butlerDesignFieldExperiments2014,
  title = {On the {{Design}} of {{Field Experiments}} with {{Correlated Treatment Effects}}},
  author = {Butler, David Geoffrey and Smith, Alison B and Cullis, Brian R},
  date = {2014-12},
  journaltitle = {Journal of Agricultural, Biological, and Environmental Statistics},
  shortjournal = {JABES},
  volume = {19},
  number = {4},
  pages = {547--557},
  publisher = {[International Biometric Society, Springer]},
  issn = {1085-7117, 1537-2693},
  doi = {10.1007/s13253-014-0191-0},
  url = {http://link.springer.com/10.1007/s13253-014-0191-0},
  langid = {english}
}

@article{robinsonThatBLUPGood1991,
  title = {That {{BLUP}} Is a {{Good Thing}} : {{The Estimation}} of {{Random Effects}}},
  author = {Robinson, G K},
  date = {1991},
  journaltitle = {Statistical Science},
  volume = {6},
  eprint = {2245695},
  eprinttype = {jstor},
  pages = {15--32},
  url = {http://www.jstor.org/stable/2245695},
  issue = {1}
}


@Manual{quarto,
    title = {quarto: R Interface to 'Quarto' Markdown Publishing System},
    author = {JJ Allaire},
    year = {2023},
    note = {R package version 1.3},
    url = {https://CRAN.R-project.org/package=quarto},
  }

@article{henderson1959estimation,
  title={The estimation of environmental and genetic trends from records subject to culling},
  author={Henderson, Charles R and Kempthorne, Oscar and Searle, Shayle R and Von Krosigk, CM},
  journal={Biometrics},
  volume={15},
  number={2},
  pages={192--218},
  year={1959},
  publisher={JSTOR}
}

@article{henderson1975best,
  title={Best linear unbiased estimation and prediction under a selection model},
  author={Henderson, Charles R},
  journal={Biometrics},
  pages={423--447},
  year={1975},
  publisher={JSTOR}
}

@article{jacroux1989optimality,
  title={The A-optimality of block designs for comparing test treatments with a control},
  author={Jacroux, Mike},
  journal={Journal of the American statistical association},
  volume={84},
  number={405},
  pages={310--317},
  year={1989},
  publisher={Taylor \& Francis}
}

@article{sasaki1988time,
  title={The time complexity of maximum matching by simulated annealing},
  author={Sasaki, Galen H and Hajek, Bruce},
  journal={Journal of the ACM (JACM)},
  volume={35},
  number={2},
  pages={387--403},
  year={1988},
  publisher={ACM New York, NY, USA}
}

@article{robinson1991blup,
  title={That BLUP is a good thing: the estimation of random effects},
  author={Robinson, George K},
  journal={Statistical science},
  pages={15--32},
  year={1991},
  publisher={JSTOR}
}

@article{jacroux1992optimality,
  title={On the A-optimality of block designs},
  author={Jacroux, Mike},
  journal={Journal of statistical planning and inference},
  volume={32},
  number={3},
  pages={401--415},
  year={1992},
  publisher={Elsevier}
}

@article{chan1982optimality,
  title={A-optimality for regression designs},
  author={Chan, NN},
  journal={Journal of Mathematical Analysis and Applications},
  volume={87},
  number={1},
  pages={45--50},
  year={1982},
  publisher={Elsevier}
}

@article{kirkpatrick1983optimization,
  title={Optimization by simulated annealing},
  author={Kirkpatrick, Scott and Gelatt Jr, C Daniel and Vecchi, Mario P},
  journal={science},
  volume={220},
  number={4598},
  pages={671--680},
  year={1983},
  publisher={American association for the advancement of science}
}

@book{aarts1989simulated,
  title={Simulated annealing and Boltzmann machines: a stochastic approach to combinatorial optimization and neural computing},
  author={Aarts, Emile and Korst, Jan},
  year={1989},
  publisher={John Wiley \& Sons, Inc.}
}


@article{bertsimas1993simulated,
  title={Simulated annealing},
  author={Bertsimas, Dimitris and Tsitsiklis, John},
  journal={Statistical science},
  volume={8},
  number={1},
  pages={10--15},
  year={1993},
  publisher={Institute of Mathematical Statistics}
}

@article{suppapitnarm2000simulated,
  title={A simulated annealing algorithm for multiobjective optimization},
  author={Suppapitnarm, A and Seffen, Keith A and Parks, Geoff T and Clarkson, PJ},
  journal={Engineering optimization},
  volume={33},
  number={1},
  pages={59--85},
  year={2000},
  publisher={Taylor \& Francis}
}

@article{suman2006survey,
  title={A survey of simulated annealing as a tool for single and multiobjective optimization},
  author={Suman, Balram and Kumar, Prabhat},
  journal={Journal of the operational research society},
  volume={57},
  number={10},
  pages={1143--1160},
  year={2006},
  publisher={Taylor \& Francis}
}

@misc{butler2013model,
  title={On model based design of comparative experiments},
  author={Butler, DG and Smith, AB and Cullis, BR},
  year={2013},
  publisher={preparation}
}

@article{butler2013optimal,
  title={On the optimal design of experiments under the linear mixed model},
  author={Butler, David},
  year={2013}
}

@article{meng2013exactness,
  title={Exactness and algorithm of an objective penalty function},
  author={Meng, Zhiqing and Dang, Chuangyin and Jiang, Min and Xu, Xinsheng and Shen, Rui},
  journal={Journal of Global Optimization},
  volume={56},
  pages={691--711},
  year={2013},
  publisher={Springer}
}

@article{piepho2018neighbor,
  title={Neighbor balance and evenness of distribution of treatment replications in row-column designs},
  author={Piepho, Hans-Peter and Michel, Volker and Williams, Emlyn},
  journal={Biometrical Journal},
  volume={60},
  number={6},
  pages={1172--1189},
  year={2018},
  publisher={Wiley Online Library}
}

@article{edmondson2020multi,
  title={Multi-level block designs for comparative experiments},
  author={Edmondson, Rodney N},
  journal={Journal of Agricultural, Biological and Environmental Statistics},
  volume={25},
  number={4},
  pages={500--522},
  year={2020},
  publisher={Springer}
}
