@article{piepho2018neighbor,
  title={Neighbor balance and evenness of distribution of treatment replications in row-column designs},
  author={Piepho, Hans-Peter and Michel, Volker and Williams, Emlyn},
  journal={Biometrical Journal},
  volume={60},
  number={6},
  pages={1172--1189},
  year={2018},
  publisher={Wiley Online Library}
}

@article{butler2013optimal,
  title={On the optimal design of experiments under the linear mixed model},
  author={Butler, David},
  year={2013}
}