@article{jacroux1989optimality,
  title={The A-optimality of block designs for comparing test treatments with a control},
  author={Jacroux, Mike},
  journal={Journal of the American statistical association},
  volume={84},
  number={405},
  pages={310--317},
  year={1989},
  publisher={Taylor \& Francis}
}

@article{jacroux1992optimality,
  title={On the A-optimality of block designs},
  author={Jacroux, Mike},
  journal={Journal of statistical planning and inference},
  volume={32},
  number={3},
  pages={401--415},
  year={1992},
  publisher={Elsevier}
}

@article{chan1982optimality,
  title={A-optimality for regression designs},
  author={Chan, NN},
  journal={Journal of Mathematical Analysis and Applications},
  volume={87},
  number={1},
  pages={45--50},
  year={1982},
  publisher={Elsevier}
}