@misc{butler2013model,
  title={On model based design of comparative experiments},
  author={Butler, DG and Smith, AB and Cullis, BR},
  year={2013},
  publisher={preparation}
}

@article{butler2013optimal,
  title={On the optimal design of experiments under the linear mixed model},
  author={Butler, David},
  year={2013}
}

@article{robinson1991blup,
  title={That BLUP is a good thing: the estimation of random effects},
  author={Robinson, George K},
  journal={Statistical science},
  pages={15--32},
  year={1991},
  publisher={JSTOR}
}