@article{williams2015optimality,
  title={Optimality and contrasts in block designs with unequal treatment replication},
  author={Williams, Emlyn and Piepho, Hans-Peter},
  journal={Australian \& New Zealand Journal of Statistics},
  volume={57},
  number={2},
  pages={203--209},
  year={2015},
  publisher={Wiley Online Library}
}

@article{meng2013exactness,
  title={Exactness and algorithm of an objective penalty function},
  author={Meng, Zhiqing and Dang, Chuangyin and Jiang, Min and Xu, Xinsheng and Shen, Rui},
  journal={Journal of Global Optimization},
  volume={56},
  pages={691--711},
  year={2013},
  publisher={Springer}
}