@Manual{quarto,
    title = {quarto: R Interface to 'Quarto' Markdown Publishing System},
    author = {JJ Allaire},
    year = {2023},
    note = {R package version 1.3},
    url = {https://CRAN.R-project.org/package=quarto},
  }


@article{jacroux1989optimality,
  title={The A-optimality of block designs for comparing test treatments with a control},
  author={Jacroux, Mike},
  journal={Journal of the American statistical association},
  volume={84},
  number={405},
  pages={310--317},
  year={1989},
  publisher={Taylor \& Francis}
}

@article{robinson1991blup,
  title={That BLUP is a good thing: the estimation of random effects},
  author={Robinson, George K},
  journal={Statistical science},
  pages={15--32},
  year={1991},
  publisher={JSTOR}
}

@article{jacroux1992optimality,
  title={On the A-optimality of block designs},
  author={Jacroux, Mike},
  journal={Journal of statistical planning and inference},
  volume={32},
  number={3},
  pages={401--415},
  year={1992},
  publisher={Elsevier}
}

@article{chan1982optimality,
  title={A-optimality for regression designs},
  author={Chan, NN},
  journal={Journal of Mathematical Analysis and Applications},
  volume={87},
  number={1},
  pages={45--50},
  year={1982},
  publisher={Elsevier}
}


@misc{butler2013model,
  title={On model based design of comparative experiments},
  author={Butler, DG and Smith, AB and Cullis, BR},
  year={2013},
  publisher={preparation}
}

@article{butler2013optimal,
  title={On the optimal design of experiments under the linear mixed model},
  author={Butler, David},
  year={2013}
}

@article{piepho2018neighbor,
  title={Neighbor balance and evenness of distribution of treatment replications in row-column designs},
  author={Piepho, Hans-Peter and Michel, Volker and Williams, Emlyn},
  journal={Biometrical Journal},
  volume={60},
  number={6},
  pages={1172--1189},
  year={2018},
  publisher={Wiley Online Library}
}
