@article{piepho2018neighbor,
  title={Neighbor balance and evenness of distribution of treatment replications in row-column designs},
  author={Piepho, Hans-Peter and Michel, Volker and Williams, Emlyn},
  journal={Biometrical Journal},
  volume={60},
  number={6},
  pages={1172--1189},
  year={2018},
  publisher={Wiley Online Library}
}

@book{matheson2024experimental,
  title={Experimental Design and Analysis for Tree Improvement},
  author={Matheson, AC and Harwood, CE and Williams, ER},
  year={2024},
  publisher={CSIRO PUBLISHING}
}

@article{jones2021optimal,
  title={A-optimal versus D-optimal design of screening experiments},
  author={Jones, Bradley and Allen-Moyer, Katherine and Goos, Peter},
  journal={Journal of Quality Technology},
  volume={53},
  number={4},
  pages={369--382},
  year={2021},
  publisher={Taylor \& Francis}
}